4080 5440
479 401 3624 748 too agreably employed to want her Society. She
475 641 3694 917 remained therefore alone in the parlour, till joined
467 804 3616 1047 by Mr Stanley & her Aunt, who however after
2495 1006 3076 1082 continue
466 1026 3661 1256 a few enquiries, allowed her to remain undisturb:
450 1190 3648 1431 :ed and began their usual conversation on Politics.
446 1341 3656 1611 This was a subject on which they could never
446 1549 3677 1782 agree, for Mr Stanley who considered himself as
446 1700 3685 1964 perfectly qualified by his Seat in the House, to decide
446 1857 3652 2149 on it without hesitation, resolutely maintained
457 2037 3554 2274 that the Kingdom had not for ages been in so
3185 2266 3676 2296 Percival
461 2240 3684 2488 flourishing & prosperous a state, and Mrs Peterson
453 2365 3659 2702 with equal warmth, tho' perhaps leſs argument,
445 2649 3626 2888 as vehemently aſserted that the whole Nation
449 2811 3667 3073 would speedily be ruined, and every thing as she
445 3009 3688 3245 expreſsed herself be at sixes & sevens. It was not
444 3196 3666 3437 however unamusing to Kitty to listen to the
448 3391 3703 3614 Dispute, especially as she began then to be more
448 3593 3707 3803 free from pain, and without taking any share
440 3775 3658 4015 in it herself, she found it very entertaining to
435 4003 3724 4216 observe the eagerneſs with which they both defended
434 4192 3719 4400 their opinions, and could not help thinking that
